@book{dorf2011modern,
  title={Modern control systems},
  author={DORF, Richard C and BISHOP, Robert H},
  year={2011},
  publisher={Pearson},
}

@book{nise2009engenharia,
  title={Engenharia de sistemas de controle},
  author={Nise, Norman and da Silva, Fernando Ribeiro},
  year={2009},
  publisher={LTC},
}

@book{Ogata,
	author = {OGATA, K},
	title = {Modern Control Engineering},
	date = {2010},
	year = {2010},
	edition = {5ª},
	publisher = {Prentice Hall, Pearson Education, Inc},
	location = {New Jersey},
	isbn = {978-0-13-615673-4},
}

@article{JoaoInacio,
	title={ Métodos de Aplicações da Lógica Paraconsistente Anotada de anotação com dois valores-LPA2v },	
	author={SILVA FILHO, João Inácio},
	year={2006},
	journal = {Paralogike***},
	publisher={Ed. Paralogike},
}

@mastersthesis{Ferreira2012,
	title={ Estudo Comparativo entre as Técnicas de 		Controle Fuzzy, PI e Adaptativo Aplicado ao 			Processo de Fabricação de Papel Reciclado Utilizando a Ferramenta Delta Tune},
	author={FERREIRA, Cesar},
	school={USP*****},
	year={2012},
}

@article{daSilvaFilho2011,
	author = {SILVA FILHO, João Inácio da and ABE, Jair Minoro(org)},
	title = {Aspectos de Lógica e Teoria da Ciência: Pesquisas e Métodos de Aplicação da Lógica Paraconsistente Anotada em Sistemas de Inteligência Artificial},
	journaltitle = {Instituto de Estudos Avançados da Universidade de São Paulo},
	year = {2011},
}

@Misc{DecioKrause,
	author = {KRAUSE, Décio},
	title = {Lógica Paraconsistente},
	howpublished = {\url{http://criticanarede.com/log_paraconsistente.html}},
	year = 2015 }


@Misc{gramaticaNET,
	author = {GRAMATICA.NET},
	title = {Origem das palavras},
	year = {2016},
	date = {03/07/2016},
	howpublished = {\url{https://www.gramatica.net.br/origem-das-palavras/etimologia-de-sistema/}}
}

@Misc{encyclopediaBritannica,
	author = {ENCYCLOPEDIA BRITANNICA},
	title = {Biography - Ctesibius of Alexandria},
	date = {03/07/2016},
	year = {2016},
	howpublished = {\url{https://global.britannica.com/biography/Ctesibius-of-Alexandria}},
	urldate = {03/07/2016},
}



@Misc{jornalDaUnicamp,
	author = {Luiz Sugimoto},
 	title = {Uma lógica para o próximo século},
	date = {02/01/2017},
 	howpublished = {\url{http://www.unicamp.br/unicamp/ju/668/uma-logica-para-o-proximo-seculo}},
	urldate = {28/11/2016},
}

@Misc{trendsinlogic,
	author = {Universidade de Campinas,
	title = {Trends In Logic XVI - Studia Logica International Conference},
	date = {02/01/2017},
	howpublished = {\url{https://www.cle.unicamp.br/trendsxvi/index.html}},
	urldate = {02/01/2017}
}

